<?xml version="1.0" encoding="UTF-8"?><collection xmlns="http://www.loc.gov/MARC21/slim"><record><leader>00311nam--2200109-i-4500</leader><controlfield tag="001">000002549</controlfield><controlfield tag="002">20161230</controlfield><controlfield tag="005">20161230201025</controlfield><controlfield tag="008">060222s1000------------r-----000-0-eng-d</controlfield><datafield ind1=" " ind2=" " tag="245"><subfield code="a">Colloque sur le dosage de l activite du corps humain</subfield></datafield><datafield ind1=" " ind2=" " tag="260"><subfield code="a">Vienne, Agence Intern.De L Energie Atom., 1961 Pag.Dif</subfield></datafield><datafield ind1=" " ind2=" " tag="852"><subfield code="a">16637</subfield></datafield></record></collection>